@string{UNKNOWN = "UNKNOWN"}

%[IMPORTED STRING DEFINITIONS]

%[JOURNALS]

@string{aij = "Artificial Intelligence"}

@string{aimag = "AI~Magazine"}

@string{bij = "Bioinformatics"}

@string{dke = "Data and Knowledge Engineering"}

@string{dmkd = "Data Mining and Knowledge Discovery"}

@string{ida = "Intelligent Data Analysis"}

@string{kde = "IEEE Transactions on Knowledge and Data Engineering"}

@string{ml = "Machine Learning"}

@string{pami = "IEEE Transactions on Pattern Analysis and Machine Intelligence (PAMI)"}

@string{sigkdd = "SIGKDD Explorations"}

%[PUBLISHERS]

@string{kluwer = "Kluwer Academic Publishers"}

@string{kluwer-ad = "Dordrecht, The Netherlands"}

@string{SV = "Springer-Verlag"}

%[ORGANIZATIONS]

@string{aaai = "American Association for Artificial Intelligence"}

@string{aaai-ad = "Menlo Park"}

@string{aamas04 = "3rd International Joint Conference on Autonomous Agents
          and Multiagent Systems"}

@string{aamas04Ed = "Sierra, C. and Sonenberg, L."}

@string{aamas04Addr = "New York, NY, USA"}

@string{acl = "Association for Computational Linguistics"}

@string{acm = "Association for Computing Machinery"}

@string{acm-ad = "New York"}

%[SCHOOLS]

@string{cmucs = "Computer Science Department, Carnegie-Mellon University"}

@string{cmucs-ad = "Pittsburgh, Pennsylvania"}

@string{upenn = "University of Pennsylvania"}

%[CONFERENCES]

@string{kdd02 = "Proceedings of the Conference on Knowledge and Data Discovery
                 (KDD-2002)"}

@string{kdmm98 = "Proceedings of the 4th International Conference on Knowledge Discovery and Data Mining"}

@string{kdmm98addr = "New York"}

@string{uai00 = "Proceedings of the 16th Annual Conference on Uncertainty in Artificial Intelligence"}

%[REFERENCES] %%%%%%%%%%%%%%%%%%%%%%%%%%%%%%%%%%%%%%%%%%%%%%%%%%%%%%%%%%%%%%%%%%


@Article{ IDCdigitization,
  author = {David Reinsel and John Gantz and John Rydning},
  title = {The Digitization of the Word from Edge to Core},
  journal = {IDC White Papper},
  volume = {20},
  number = {18},
  year = {2018},
  pages = {1-27},
  ee = {https://www.seagate.com/files/www-content/our-story/trends/files/idc-seagate-dataage-whitepaper.pdf}
}

@Book{ cloudstoragecomparison ,
 title = {On the Security of Cloud Storage Services},
 author = {Moritz Borgmann and Tobias Hahn and Michael Herfert and Thomas Kunz and
Marcel Richter and Ursula Viebeg and Sven Vowe},
 publisher = {Fraunhofer Institute for Secure Information Technology SIT},
 year = {2012},
 pages = {57-74}
}

@Book{ cloudsecurityautomation ,
 title = {Cloud Security Automation},
 author = {Prashant Priyam},
 year = {2018},
 publisher = {OReilly Media, Inc.},
 pages = {3-100}
}

@Book{ understanding_compression ,
 title = {Understanding Compression},
 author = {Aleks Haecky and Colton McAnlis},
 year = {2016},
 publisher = {OReilly Media, Inc.},
 pages = {3-20}
}
@Book{ data_compression_ibm ,
 title = {Reduce Storage Occupancy and Increase Operations Efficiency with IBM zEnterprise Data Compression},
 author = { Paolo Bruni and  Maria Kroos Boisen and Gianmauro De Marchi and Franco Pinto},
  publisher = {IBM},
 year = {2015},
 pages = {10-50},
}

@misc{compression_adv,
 title={The Advantages of File Compression},
 url={https://www.techwalla.com/articles/the-advantages-of-file-compression},
 author={Petter Lancett},
 lastchecked={11 June 2019}
}

@Article{art_microservices,
  author = {James Lewis and Martin Fowler},
  title = {Microservices},
  journal = {ThoughtWorks},
  volume = {1},
  number = {1},
  year = {2014},
  pages = {1-20},
ee ={https://martinfowler.com/articles/microservices.html}
}

@Book{go_book_microservices,
 title = {Building Microservices with Go},
 author = {Nic Jackson},
 publisher = {PacktPub},
 year = {2017},
 volume={1}
}

@Book{learning_couchbase,
 title = {Learning Couchbase},
 author = {Henry Potsangbam},
 publisher = {PacktPub},
 year = {2015},
     isbn = {9781785288593},
 volume={1}
}

@Book{crypto_stegano,
 title = {Visual Cryptography and Secret Image Sharing},
 author = {Ching-Nung Yang and Stelvio Cimato},
 publisher = {CRC Press},
 year = {2017},
 volume={1}
}

@Article{ comp_crypto,
  author = {Chung-E Wang},
  title = {Cryptography in Data Compression},
  journal = {CodeBreakers Journal },
  volume = {2},
  number = {3},
  year = {2005},
  pages = {1-20},
ee ={https://athena.ecs.csus.edu/~wang/cbj.pdf}
}

@Article{two_fish_papper,
  title = {Twofish: A 128-Bit Block Cipher},
  author = {Bruce Schneier and John Kelsey and Doug Whiting andDavid Wagner and Chris Hall and Niels Ferguson},
  journal = {Counterpane Systems},
  volume = {1},
  number = {1},
  year = {1998},
  pages = {1-68},
 ee ={https://www.schneier.com/academic/paperfiles/paper-twofish-paper.pdf}
}




@Misc{ topcloud ,
 title={Best Cloud storage},
 url={https://www.techradar.com/news/the-best-cloud-storage},
 lastchecked={11 April 2019}
 }
 @Misc{ wiki001,
   author = "Wikipedia contributors",
   title = "Comparison of file hosting services",
   year = "2014",
   url = "https://en.wikipedia.org/wiki/Comparison_of_file_hosting_services",
   note = "14-April-2019"
 }
@misc{top_secure,
title= {Most Secure Cloud Storage 2019: Safety First},
url = {https://www.cloudwards.net/most-secure-cloud-storage/},
}
@misc{solid,
title={SOLID Principles},
url={https://deviq.com/solid/},
}
@misc{crypto_tool,
title={Cryptography as security tool},
author={Jan-Ake Larsson},
url ={https://www.icg.isy.liu.se/courses/tsit02/lectures/tsit02-lecture-08.pdf}
}
 @Misc{topcloud_misc ,
 title = {Best Cloud Storage Reviews 2019},
 url = {https://www.cloudwards.net/cloud-storage-reviews/},
 lastchecked = {30 May 2019}
 }
 @Misc{microservices_io ,
 title = {Pattern: Microservice Architecture},
 url = {https://microservices.io/patterns/microservices.html},
 author = {Chris Richardson},
 lastchecked = {1 December 2018}
 }
 @Misc{cloudme_com ,
 title = {CloudMe documentation},
 url = {https://www.cloudme.com/},
 lastchecked = {30 May 2019}
}
 @Misc{cloudwards_best,
 title = {CloudWards - best cloud storage},
 url = {https://www.cloudwards.net/best-cloud-storage/},
 lastchecked = {30 May 2019}
 }
@Misc{crashplan_review,
 title = {CrashPlan Review},
 url = {https://www.bestbackups.com/blog/5210/crashplan-review-2/},
 lastchecked = {30 May 2019}
}
@Misc{icloud_drive,
	url = {https://www.cloudwards.net/review/icloud-drive/},
	title = {ICloud Drive Review},
	lastchecked = {30 May 2019}
}
@Misc{microservice_companies,
 url = {https://www.bmc.com/blogs/microservices-architecture/},
 title = {An Overview of Monolithic vs Microservices Architecture},
 lastchecked = {30 May 2019}
}





@book{russell1995artificial,
  title={Artificial intelligence: a modern approach},
  author={Russell, Stuart Jonathan and Norvig, Peter and Canny, John F and Malik, Jitendra M and Edwards, Douglas D},
  volume={2},
  year={1995},
  publisher={Prentice hall Englewood Cliffs}
}



@inproceedings{Zhou04,
    author = {Zhou,, Chen and Chia,, Liang-Tien and Lee,, Bu-Sung},
    title = {DAML-QoS Ontology for Web Services},
    booktitle = {ICWS '04: Proceedings of the IEEE International Conference on Web Services},
    year = {2004},
    isbn = {0-7695-2167-3},
    pages = {472},
    doi = {http://dx.doi.org/10.1109/ICWS.2004.44},
    publisher = {IEEE Computer Society},
    address = {Washington, DC, USA},
}
@BOOK{strunk,
   author = "Strunk, Jr., William and E. B. White",
   title = "The Elements of Style",
   publisher = "Macmillan",
   edition = "Third",
   year = 1979
   }


@inproceedings{Antoniou00,
  author    = {Grigoris Antoniou and
               David Billington and
               Guido Governatori and
               Michael J. Maher and
               Andrew Rock},
  title     = {A Family of Defeasible Reasoning Logics and its Implementation.},
  booktitle = {The 14th European Conference on Artificial Intelligence},
  year      = {2000},
  pages     = {459-463},
}




@inproceedings{AntoniouSBB05,
  author    = {Grigoris Antoniou and
               Thomas Skylogiannis and
               Antonis Bikakis and
               Nick Bassiliades},
  title     = {DR-BROKERING - A Defeasible Logic-Based System for Semantic
               Brokering.},
  booktitle = {2005 IEEE International Conference on e-Technology, e-Commerce,
               and e-Services (EEE 2005), 29 March - 1 April 2005, Hong
               Kong, China},
  year      = {2005},
  pages     = {414-417},
}

@article{AntoniouSBDB07,
  author    = {Grigoris Antoniou and
               Thomas Skylogiannis and
               Antonis Bikakis and
               Martin Doerr and
               Nick Bassiliades},
  title     = {DR-BROKERING: A semantic brokering system.},
  journal   = {Knowledge-Based Systems},
  volume    = {20},
  number    = {1},
  year      = {2007},
  pages     = {61-72},
  ee        = {http://dx.doi.org/10.1016/j.knosys.2006.07.006},
  bibsource = {DBLP, http://dblp.uni-trier.de}
}


@InProceedings{Bellucci03,
  author    = {Emilia Bellucci and John Zeleznikow},
  title     = {THE CONFLICT BETWEEN NEGOTIATION AND LITIGATION WHEN BUILDING MEDIATION DECISION SUPPORT SYSTEMS},
  booktitle = {ICAIL 2003 ODRWorkshop},
  year 	    = {2003},
  pages     = {51--60},
  address   = {Edinburgh, Scotland, UK},
}


@inproceedings{BellucciLZ04,
  author    = {Emilia Bellucci and Arno Lodder and John Zeleznikow},
  title     = {Integrating Artificial Intelligence, Argumentation and Game
               Theory to Develop an Online Dispute Resolution Environment.},
  booktitle = {16th International Conference on Tools with Artificial Intelligence},
  publisher    = ieeecs,
  year      = {2004},
  pages     = {749-754},
}

@Article{Bellucci06,
 author =  {Emilia Bellucci and John Zeleznikow},
 title 	=  {Developing negotiation decision support systems that support mediators: A case study of the Family Winner system},
 journal =   {Artificial Intelligence and Law},
 volume    = {13},
  number    = {2},
 year 	=    {2005},
 pages	= {233-271},
}


@InProceedings{Bodenstaff06,
  author = {Lianne Bodenstaff and Henry Prakken and Gerard Vreeswijk},
  title = {On Formalising Dialogue Systems for Argumentation in the Event Calculus},
  booktitle = {the Eleventh International Workshop on Non-Monotonic Reasoning},
  address = "",
  year = {2006},
}

@InProceedings{Boella04,
 author 	= {Guido Boella and Leendert van der Torre},
 title 		= {Contracts as Legal Institutions in Organizations of Autonomous
Agents},
 booktitle 	= {Proceedings of the Third International Joint Conference on
Autonomous Agents and Multi Agent Systems (AAMAS'04)},
 address	= {New York, US},
 year 		= {2004},
 pages 		= {948--955},
}


@InProceedings{Boella05iat,
  author = {Guido Boella and Joris Hulstijn and Leendert van der Torre},
  title = {A Synthesis Between Mental Attitudes and Social Commitments in Agent Communication Languages},
  booktitle = {Intelligent Agent Technology 05 (IAT 2005)},
  year = {2005},
  address = {Compiegne, France},
  pages = {358-364}
}

@Article{Bonnet04,
 author = {Vincent Bonnet and Karima Boudaoud and Michael Gagnebin and Jurgen Harms and Thomas Schultz},
 title = {Online Dispute Resolution Systems as Web Services},
 journal = {ICFAI Journal of Alternative Dispute Resolution},
 volume = {3},
 year = {2002},
 pages = {57--74},
}


@article{Cachoon00,
  author =  {Gerard Cachon and Martin Lariviere},
  title =   {Supply chain coordination with revenue sharing contracts: strengths and limitations},
  journal = {Management Science},
  volume  = {51},
  number = {1}, 
  year =    {2005},
  pages = {30-44}
}

@article{Calliess06,
  author    = {Gralf-Peter Calliess},
  title     = {Online Dispute Resolution: Consumer Redress in a Global Market Place.},
  journal   = {German Law Journal},
  volume    = {7},
  number    = {8},
  year      = {2006},
  pages     = {647-660},
}


@Incollection{Chaib-draa04,
author 		= {Philippe Pasquier and Roberto Flores and Brahim Chaib-draa},
  title     	= {Modelling Flexible Social Commitments and their Enforcement},
  booktitle 	= {Engineering Societies in the Agents World V},
  editor    	= {},
  publisher 	= {Springer Verlag},
  series    	= {Lecture Notes in Computer Science},
  volume    	= {3451},
  year      	= {2005},
  pages     	= {139-151},
  }


@InProceedings{Chopra03ac,
  author = {Amit K. Chopra and Munindar P. Singh},
  title = {Nonmonotonic Commitment Machines},
  booktitle = {Proceedings of the International Workshop on Agent Communication Languages and Conversation Policies},
  year = {July 2003},
  pages= "",
  address = {Melbourne, Australia},
}


@inproceedings{Chopra06aamas,
  author    = {Amit K. Chopra and
               Munindar P. Singh},
  title     = {Contextualizing commitment protocol},
  booktitle = {AAMAS},
  crossref  = {DBLP:conf/atal/2006},
  year      = {2006},
  pages     = {1345-1352},
 
}

@proceedings{DBLP:conf/atal/2006,
  editor    = {Hideyuki Nakashima and
               Michael P. Wellman and
               Gerhard Weiss and
               Peter Stone},
  title     = {5th International Joint Conference on Autonomous Agents
               and Multiagent Systems (AAMAS 2006), Hakodate, Japan, May
               8-12, 2006},
  booktitle = {AAMAS},
  publisher = {ACM},
  year      = {2006},
  isbn      = {1-59593-303-4},
  bibsource = {DBLP, http://dblp.uni-trier.de}
}








